101 0214079124013137ZST13072221401094101CAPITAL ONE            VERICHECK INC          00000000
5225BEVELLED COLLEGE4041234567          6323642DAETELARC TRANSA130722130722   1122039360000001
627082001247546738417695     00001013185899324        BORATED GAMES         S 0122039360052108
822500000100082001240000001013180000000000006323642DAE                         122039360000001
5225VIOMYCIN RECOVER4041234567          6323642DAEWEBARC TRANSA130722130722   1122039360000002
637083903726249015288486     000030084030120127       FURIES COLLEGE        S 0122039360052109
822500000100083903720000003008400000000000006323642DAE                         122039360000002
5225MACADAMS PVT LTD4041234567          6323642DAEWEBARC TRANSA130722130722   1122039360000003
627122105498709485286957     00002379578548386        SEEPING LABORATORIES  S 0122039360052110
822500000100122105490000002379570000000000006323642DAE                         122039360000003
5225CHORDED MEDIA   4041234567          6323642DAECCDCHURCHGIFT130722130722   1122039360000004
627322270725484428394619     000061047724252542       SLIMES DEVELOPMENT      0122039360052111
822500000100322270720000006104770000000000006323642DAE                         122039360000004
5220WOMB HEALTHCARE 4041234567          6323642DAETELCREDIT    130722130722   1122039360000005
622211370338743293352198     000004942319520M0324     PULQUES LABORATORIES  S 0122039360052112
822000000100211370330000000000000000000494236323642DAE                         122039360000005
5225DOWNBEAT PACKAGI4041234567          6323642DAEPOPDENTAL FEE130722130722   1122039360000006
627021502134149329823566     000008157020561813     CACORNY CO                0122039360052113
822500000100021502130000000815700000000000006323642DAE                         122039360000006
5225CHAYOTE LABS    4041234567          6323642DAEPOPDENTAL FEE130722130722   1122039360000007
627211372268232263343635     000011919678860248     CASEMINARY OPTIONS        0122039360052114
822500000100211372260000001191960000000000006323642DAE                         122039360000007
5225SIMONIST PVT LTD4041234567          6323642DAERCKDOCTORSOFF130722130722   1122039360000008
627304982633640744336282     000064691935683727       FLICKING LABS           0122039360052115
822500000100304982630000006469190000000000006323642DAE                         122039360000008
5225DUDE INVESTMENTS4041234567          6323642DAEPOPDONATIONS 130722130722   1122039360000009
627073000176803767082381     000085017016852462     NCRAMROD LTD              0122039360052116
822500000100073000170000008501700000000000006323642DAE                         122039360000009
5225SUBDUED NETWORKS4041234567          6323642DAEBOCDONATIONS 130722130722   1122039360000010
627321172769925237936249     000014949350753621       FIZZLES GAMES           0122039360052117
822500000100321172760000001494930000000000006323642DAE                         122039360000010
5225WAFTURES SCHOOL 4041234567          6323642DAERCKEDUCATION 130722130722   1122039360000011
627026006224250474541958     000079064799729732       WICHES LTD              0122039360052118
822500000100026006220000007906470000000000006323642DAE                         122039360000011
5225FUTHARCS SERVICE4041234567          6323642DAERCKFEE       130722130722   1122039360000012
627211288747752561675996     000031422039224327       SEEKING DESIGNS         0122039360052119
822500000100211288740000003142200000000000006323642DAE                         122039360000012
5225MIDGE LIMITED   4041234567          6323642DAETELFEE       130722130722   1122039360000013
627083908200518004583358     000036564471371073       RAILROAD TECHNOLOGIES S 0122039360052120
822500000100083908200000003656440000000000006323642DAE                         122039360000013
5225FIXEDLY SERVICES4041234567          6323642DAERCKMARTIALART130722130722   1122039360000014
627324173655284436556215     000078323035630150       SHAMMED SERVICES        0122039360052121
822500000100324173650000007832300000000000006323642DAE                         122039360000014
5225KIDDIE LIMITED  4041234567          6323642DAEWEBMEALPAY_PL130722130722   1122039360000015
627111322583406878883828     000061728044188712       FRAILS PVT LTD        S 0122039360052122
822500000100111322580000006172800000000000006323642DAE                         122039360000015
5225PHONATED CORP   4041234567          6323642DAEPPDPURCHASE  130722130722   1122039360000016
627301271512607759366474     000006626449239238       BOGIES PROMOTIONS       0122039360052123
822500000100301271510000000662640000000000006323642DAE                         122039360000016
5225GRATIN SCHOOL   4041234567          6323642DAETELPURCHASE  130722130722   1122039360000017
627031200730982806017794     000055057020312476       INBYE THERAPEUTICS    S 0122039360052124
822500000100031200730000005505700000000000006323642DAE                         122039360000017
5225PARSING INC     4041234567          6323642DAEPOPSCHOOL FEE130722130722   1122039360000018
627211272766757716992498     000062894975146989     OKMILKED RECOVERY         0122039360052125
822500000100211272760000006289490000000000006323642DAE                         122039360000018
5225LINGO RECOVERY  4041234567          6323642DAERCKSCHOOL FEE130722130722   1122039360000019
637044000037750803460996     000096268271444234       HOOPED TECHNOLOGIES     0122039360052126
822500000100044000030000009626820000000000006323642DAE                         122039360000019
5225WAVEOFF PACKAGIN4041234567          6323642DAEBOCUTILITIES 130722130722   1122039360000020
627111100792524918441754     000071202832290046       SLUG LIMITED            0122039360052127
822500000100111100790000007120280000000000006323642DAE                         122039360000020
9000020000007000000200320922666000008889454000000049423                                       
9999999999999999999999999999999999999999999999999999999999999999999999999999999999999999999999
9999999999999999999999999999999999999999999999999999999999999999999999999999999999999999999999
9999999999999999999999999999999999999999999999999999999999999999999999999999999999999999999999
9999999999999999999999999999999999999999999999999999999999999999999999999999999999999999999999
9999999999999999999999999999999999999999999999999999999999999999999999999999999999999999999999
9999999999999999999999999999999999999999999999999999999999999999999999999999999999999999999999
9999999999999999999999999999999999999999999999999999999999999999999999999999999999999999999999
9999999999999999999999999999999999999999999999999999999999999999999999999999999999999999999999
